<?xml version="1.0" encoding="UTF-8"?><collection xmlns="http://www.loc.gov/MARC21/slim"><record><leader>00468nam--2200133-i-4500</leader><controlfield tag="001">000009789</controlfield><controlfield tag="002">20161230</controlfield><controlfield tag="005">20161230201028</controlfield><controlfield tag="008">060222s1000------------r-----000-0-eng-d</controlfield><datafield ind1=" " ind2=" " tag="100"><subfield code="a">Alper, Allen M</subfield></datafield><datafield ind1=" " ind2=" " tag="245"><subfield code="a">Phase diagrams. materials science and technology the use of phase diagrams in metal, refractory ceramic and cement technology</subfield></datafield><datafield ind1=" " ind2=" " tag="260"><subfield code="a">New York, Academic Press, 1970 Xviii+354 P.(2)</subfield></datafield><datafield ind1=" " ind2=" " tag="490"><subfield code="a">Refractory Materials. A Series Of Monographs</subfield></datafield><datafield ind1=" " ind2=" " tag="852"><subfield code="a">35411</subfield></datafield></record></collection>